<record><leader>00000cas a22000007a 4500</leader><controlfield tag="001">19996730</controlfield><controlfield tag="008">890712d191119uumoucr ne      0    0eng d</controlfield><datafield ind1=" " ind2=" " tag="010"><subfield code="a">sn 89066687 </subfield></datafield><datafield ind1=" " ind2=" " tag="040"><subfield code="a">MQN</subfield><subfield code="b">eng</subfield><subfield code="c">MQN</subfield><subfield code="d">OCLCQ</subfield></datafield><datafield ind1=" " ind2=" " tag="042"><subfield code="a">msc</subfield></datafield><datafield ind1="0" ind2=" " tag="130"><subfield code="a">Huntsville times (Huntsville, Mo.)</subfield></datafield><datafield ind1="1" ind2="0" tag="245"><subfield code="a">Huntsville times.</subfield></datafield><datafield ind1=" " ind2=" " tag="260"><subfield code="a">Huntsville, Mo. :</subfield><subfield code="b">Times Pub. Co.</subfield></datafield><datafield ind1=" " ind2=" " tag="300"><subfield code="a">v.</subfield></datafield><datafield ind1=" " ind2=" " tag="310"><subfield code="a">Semiweekly</subfield></datafield><datafield ind1="0" ind2=" " tag="362"><subfield code="a">Vol. 1, no. 1 (Aug. 4, 1911)-</subfield></datafield><datafield ind1=" " ind2="4" tag="651"><subfield code="a">Huntsville (Mo.)</subfield><subfield code="v">Newspapers.</subfield></datafield><datafield ind1=" " ind2=" " tag="752"><subfield code="a">United States</subfield><subfield code="b">Missouri</subfield><subfield code="c">Randolph</subfield><subfield code="d">Huntsville.</subfield></datafield><datafield ind1="0" ind2="0" tag="785"><subfield code="t">Randolph County times</subfield><subfield code="w">(DLC)sn 92059011</subfield></datafield></record>